@misc{auto_mpg_9,
  author       = {Quinlan, R.},
  title        = {{Auto MPG}},
  year         = {1993},
  howpublished = {UCI Machine Learning Repository},
  doi          = {10.24432/C5859H},
}